@book{Similarity,
title = "A Similarity-Based Approach for Financial Time Series Analysis and Forecasting",
author = "Marcos Vinicius Naves Bedo, Davi Pereira dos Santos, Daniel S. Kaster, Caetano Traina Jr.",
publisher = "Springer Berlin Heidelberg",
year = "2013"
}

@book{From,
title = "From an artificial neural network to a stock market day-trading system:a case study on the bm&f bovespa",
author = "Martinez, L.C., da Hora, D.N., de, J.R., Palotti, M.Meira, W., Pappa, G.L.",
publisher = "IEEE Press",
year = "2009"
}

@Article{Forecasting,
author = {Granger, C.W.J.},
journal = "International Journal of Forecasting",
year = {1992},
volume = {8},
pages = {3-13},
}
@inproceedings{Identifying,
  title={Identifying stock similarity based on multi-event episodes},
  author={Dattasharma, Abhi and Tripathi, Praveen Kumar and Sridhar, G},
  booktitle={Proceedings of the 7th Australasian Data Mining Conference-Volume 87},
  pages={153--162},
  year={2008},
  organization={Australian Computer Society, Inc.}
}

@inproceedings{Which,
  title={Mining the stock market (extended abstract): which measure is best?},
  author={Gavrilov, Martin and Anguelov, Dragomir and Indyk, Piotr and Motwani, Rajeev},
  booktitle={Proceedings of the sixth ACM SIGKDD international conference on Knowledge discovery and data mining},
  pages={487--496},
  year={2000},
  organization={ACM}
}

@inproceedings{Mining,
  title={Mining quantitative association rules in large relational tables},
  author={Srikant, Ramakrishnan and Agrawal, Rakesh},
  booktitle={ACM SIGMOD Record},
  volume={25},
  number={2},
  pages={1--12},
  year={1996},
  organization={ACM}
}

@book{Principles,
  title={Principles of data mining and knowledge discovery},
  author={Komorowski, Jan and Zytkow, Jan},
  year={1997},
  publisher={Springer}
}

@inproceedings{Time,
  title={Time-series similarity problems and well-separated geometric sets},
  author={Bollob{\'a}s, B{\'e}la and Das, Gautam and Gunopulos, Dimitrios and Mannila, Heikki},
  booktitle={Proceedings of the thirteenth annual symposium on Computational geometry},
  pages={454--456},
  year={1997},
  organization={ACM}
}

@book{Econometric,
  title={The econometric modelling of financial time series},
  author={Mills, Terence C and Markellos, Raphael N},
  year={2008},
  publisher={Cambridge University Press}
}

@article{Arch,
  title={ARCH modeling in finance: A review of the theory and empirical evidence},
  author={Bollerslev, Tim and Chou, Ray Y and Kroner, Kenneth F},
  journal={Journal of econometrics},
  volume={52},
  number={1},
  pages={5--59},
  year={1992},
  publisher={Elsevier}
}

@book{Fast,
  title={Fast subsequence matching in time-series databases},
  author={Faloutsos, Christos and Ranganathan, Mudumbai and Manolopoulos, Yannis},
  volume={23},
  number={2},
  year={1994},
  publisher={ACM}
}

@article{algorithm,
  title={Discovery of frequent episodes in event sequences},
  author={Mannila, Heikki and Toivonen, Hannu and Verkamo, A Inkeri},
  journal={Data Mining and Knowledge Discovery},
  volume={1},
  number={3},
  pages={259--289},
  year={1997},
  publisher={Springer}
}
